<?xml version="1.0" encoding="UTF-8"?><collection xmlns="http://www.loc.gov/MARC21/slim"><record><leader>00681nam--2200217-u-4500</leader><controlfield tag="001">000050496</controlfield><controlfield tag="002">20161230</controlfield><controlfield tag="003">81843</controlfield><controlfield tag="005">20161230201048</controlfield><controlfield tag="008">070530s1000------------r-----000-0-eng-d</controlfield><datafield ind1=" " ind2=" " tag="020"><subfield code="a">00792368576</subfield></datafield><datafield ind1=" " ind2=" " tag="040"><subfield code="a">IFIN-HH</subfield></datafield><datafield ind1="1" ind2=" " tag="100"><subfield code="a">Rossman, Michael G</subfield></datafield><datafield ind1="1" ind2="0" tag="245"><subfield code="a">Crystallography of biological macromolecules</subfield><subfield code="b">International data tables for crystallography vol. f</subfield><subfield code="c">Michael g. rossman, eddy arnold (eds.)</subfield></datafield><datafield ind1=" " ind2=" " tag="250"><subfield code="a">First Edition</subfield></datafield><datafield ind1=" " ind2=" " tag="260"><subfield code="a">Dordrecht</subfield><subfield code="b">Kluwer Academic Publishers</subfield><subfield code="c">2001</subfield></datafield><datafield ind1=" " ind2=" " tag="300"><subfield code="a">807 p</subfield></datafield><datafield ind1=" " ind2=" " tag="490"><subfield code="a">International Data Tables For Crystallography</subfield><subfield code="v">Vol.F</subfield></datafield><datafield ind1=" " ind2=" " tag="700"><subfield code="a">Arnold, Eddy</subfield><subfield code="e">Ed</subfield></datafield><datafield ind1=" " ind2=" " tag="852"><subfield code="c">548</subfield></datafield><datafield ind1=" " ind2=" " tag="CAT"><subfield code="a">Sys</subfield><subfield code="c">20140227</subfield><subfield code="h">143003</subfield></datafield></record></collection>